
@article{català2022,
	title = {Monkeypox outbreak in Spain: clinical and epidemiological findings in a prospective cross-sectional study of 185 cases},
	author = {{Català}, Alba and Clavo-Escribano, Petunia and Riera-Monroig, Josep and {Martín-Ezquerra}, Gemma and Fernandez-Gonzalez, Pablo and {Revelles-Peñas}, Leonor and Simon-Gozalbo, Ana and {Rodríguez-Cuadrado}, {Francisco José} and Castells, Vanessa Guilera and De La Torre Gomar, Francisco Javier and {Comunión-Artieda}, Alicia and De Fuertes De Vega, Laura and Blanco, {José Luis} and Puig, Susana and {García-Miñarro}, {Ángela María} and Fiz Benito, Esther and {Muñoz-Santos}, Carlos and {Repiso-Jiménez}, Juan Bosco and {López Llunell}, Cristina and {Ceballos-Rodríguez}, Carmen and {García Rodríguez}, {Víctor} and {Castaño Fernández}, Juan Luis and {Sánchez-Gutiérrez}, Irene and {Calvo-López}, Ricardo and Berna-Rico, Emilio and {De Nicolás-Ruanes}, {Belén} and Corella Vicente, Francesca and {Tarín Vicente}, {Eloy José} and {De La Fernández De La Fuente}, Laura and {Riera-Martí}, Nuria and Descalzo-Gallego, Miguel Angel and Grau-Perez, {Mercè} and {García-Doval}, Ignacio and Fuertes, Irene},
	year = {2022},
	month = {11},
	date = {2022-11-01},
	journal = {British Journal of Dermatology},
	pages = {765--772},
	volume = {187},
	number = {5},
	doi = {10.1111/bjd.21790},
	url = {https://academic.oup.com/bjd/article/187/5/765/6966428},
	langid = {en}
}
