
@article{català2022,
	title = {Monkeypox outbreak in Spain: clinical and epidemiological findings in a prospective cross-sectional study of 185 cases},
	author = {{Català}, Alba and Clavo-Escribano, Petunia and Riera-Monroig, Josep and {Martín-Ezquerra}, Gemma and Fernandez-Gonzalez, Pablo and {Revelles-Peñas}, Leonor and Simon-Gozalbo, Ana and {Rodríguez-Cuadrado}, {Francisco José} and Castells, Vanessa Guilera and De La Torre Gomar, Francisco Javier and {Comunión-Artieda}, Alicia and De Fuertes De Vega, Laura and Blanco, {José Luis} and Puig, Susana and {García-Miñarro}, {Ángela María} and Fiz Benito, Esther and {Muñoz-Santos}, Carlos and {Repiso-Jiménez}, Juan Bosco and {López Llunell}, Cristina and {Ceballos-Rodríguez}, Carmen and {García Rodríguez}, {Víctor} and {Castaño Fernández}, Juan Luis and {Sánchez-Gutiérrez}, Irene and {Calvo-López}, Ricardo and Berna-Rico, Emilio and {De Nicolás-Ruanes}, {Belén} and Corella Vicente, Francesca and {Tarín Vicente}, {Eloy José} and {De La Fernández De La Fuente}, Laura and {Riera-Martí}, Nuria and Descalzo-Gallego, Miguel Angel and Grau-Perez, {Mercè} and {García-Doval}, Ignacio and Fuertes, Irene},
	year = {2022},
	month = {11},
	date = {2022-11-01},
	journal = {British Journal of Dermatology},
	pages = {765--772},
	volume = {187},
	number = {5},
	doi = {10.1111/bjd.21790},
	url = {https://academic.oup.com/bjd/article/187/5/765/6966428},
	langid = {en}
}

@article{romanello2021,
	title = {The 2021 report of the Lancet Countdown on health and climate change: code red for a healthy future},
	author = {Romanello, Marina and McGushin, Alice and Napoli, Claudia Di and Drummond, Paul and Hughes, Nick and Jamart, Louis and Kennard, Harry and Lampard, Pete and Rodriguez, Baltazar Solano and Arnell, Nigel and Ayeb-Karlsson, Sonja and Belesova, Kristine and Cai, Wenjia and Campbell-Lendrum, Diarmid and Capstick, Stuart and Chambers, Jonathan and Chu, Lingzhi and Ciampi, Luisa and Dalin, Carole and Dasandi, Niheer and Dasgupta, Shouro and Davies, Michael and Dominguez-Salas, Paula and Dubrow, Robert and Ebi, Kristie L. and Eckelman, Matthew and Ekins, Paul and Escobar, Luis E. and Georgeson, Lucien and Grace, Delia and Graham, Hilary and Gunther, Samuel H. and Hartinger, Stella and He, Kehan and Heaviside, Clare and Hess, Jeremy and Hsu, Shih-Che and Jankin, Slava and Jimenez, Marcia P. and Kelman, Ilan and Kiesewetter, Gregor and Kinney, Patrick L. and Kjellstrom, Tord and Kniveton, Dominic and Lee, Jason K. W. and Lemke, Bruno and Liu, Yang and Liu, Zhao and Lott, Melissa and Lowe, Rachel and Martinez-Urtaza, Jaime and Maslin, Mark and McAllister, Lucy and McMichael, Celia and Mi, Zhifu and Milner, James and Minor, Kelton and Mohajeri, Nahid and Moradi-Lakeh, Maziar and Morrissey, Karyn and Munzert, Simon and Murray, Kris A. and Neville, Tara and Nilsson, Maria and Obradovich, Nick and Sewe, Maquins Odhiambo and Oreszczyn, Tadj and Otto, Matthias and Owfi, Fereidoon and Pearman, Olivia and Pencheon, David and Rabbaniha, Mahnaz and Robinson, Elizabeth and {Rocklöv}, Joacim and Salas, Renee N. and Semenza, Jan C. and Sherman, Jodi and Shi, Liuhua and Springmann, Marco and Tabatabaei, Meisam and Taylor, Jonathon and Trinanes, Joaquin and Shumake-Guillemot, Joy and Vu, Bryan and Wagner, Fabian and Wilkinson, Paul and Winning, Matthew and Yglesias, Marisol and Zhang, Shihui and Gong, Peng and Montgomery, Hugh and Costello, Anthony and Hamilton, Ian},
	year = {2021},
	month = {10},
	date = {2021-10-30},
	journal = {The Lancet},
	pages = {1619--1662},
	volume = {398},
	number = {10311},
	doi = {10.1016/S0140-6736(21)01787-6},
	url = {https://www.thelancet.com/journals/lancet/article/PIIS0140-6736(21)01787-6/fulltext#seccestitle280},
	note = {Publisher: Elsevier
PMID: 34687662},
	langid = {English}
}

@article{arora2019,
	title = {Google Trends: Opportunities and limitations in health and health policy research},
	author = {Arora, Vishal S. and McKee, Martin and Stuckler, David},
	year = {2019},
	month = {03},
	date = {2019-03},
	journal = {Health Policy (Amsterdam, Netherlands)},
	pages = {338--341},
	volume = {123},
	number = {3},
	doi = {10.1016/j.healthpol.2019.01.001},
	note = {PMID: 30660346},
	langid = {eng}
}

@article{ginsberg2009,
	title = {Detecting influenza epidemics using search engine query data},
	author = {Ginsberg, Jeremy and Mohebbi, Matthew H. and Patel, Rajan S. and Brammer, Lynnette and Smolinski, Mark S. and Brilliant, Larry},
	year = {2009},
	month = {02},
	date = {2009-02},
	journal = {Nature},
	pages = {1012--1014},
	volume = {457},
	number = {7232},
	doi = {10.1038/nature07634},
	url = {https://www.nature.com/articles/nature07634},
	note = {Publisher: Nature Publishing Group},
	langid = {en}
}

@article{olson2013,
	title = {Reassessing Google Flu Trends data for detection of seasonal and pandemic influenza: a comparative epidemiological study at three geographic scales},
	author = {Olson, Donald R. and Konty, Kevin J. and Paladini, Marc and Viboud, Cecile and Simonsen, Lone},
	year = {2013},
	date = {2013},
	journal = {PLoS computational biology},
	pages = {e1003256},
	volume = {9},
	number = {10},
	doi = {10.1371/journal.pcbi.1003256},
	note = {PMID: 24146603
PMCID: PMC3798275},
	langid = {eng}
}

@article{butler2013,
	title = {When Google got flu wrong},
	author = {Butler, Declan},
	year = {2013},
	month = {02},
	date = {2013-02-01},
	journal = {Nature},
	pages = {155--156},
	volume = {494},
	number = {7436},
	doi = {10.1038/494155a},
	url = {https://www.nature.com/articles/494155a},
	note = {Publisher: Nature Publishing Group},
	langid = {en}
}

@article{abbas2021,
	title = {Associations between Google Search Trends for Symptoms and COVID-19 Confirmed and Death Cases in the United States},
	author = {Abbas, Mostafa and Morland, Thomas B. and Hall, Eric S. and EL-Manzalawy, Yasser},
	year = {2021},
	month = {01},
	date = {2021-01},
	journal = {International Journal of Environmental Research and Public Health},
	pages = {4560},
	volume = {18},
	number = {9},
	doi = {10.3390/ijerph18094560},
	url = {https://www.mdpi.com/1660-4601/18/9/4560},
	note = {Number: 9
Publisher: Multidisciplinary Digital Publishing Institute},
	langid = {en}
}

@article{effenberger2020,
	title = {Association of the COVID-19 pandemic with Internet Search Volumes: A Google TrendsTM Analysis},
	author = {Effenberger, Maria and Kronbichler, Andreas and Shin, Jae Il and Mayer, Gert and Tilg, Herbert and Perco, Paul},
	year = {2020},
	month = {06},
	date = {2020-06},
	journal = {International journal of infectious diseases: IJID: official publication of the International Society for Infectious Diseases},
	pages = {192--197},
	volume = {95},
	doi = {10.1016/j.ijid.2020.04.033},
	note = {PMID: 32305520
PMCID: PMC7162745},
	langid = {eng}
}

@article{gong2022,
	title = {Application of the Internet Platform in Monitoring Chinese Public Attention to the Outbreak of COVID-19},
	author = {Gong, Xue and Hou, Mengchi and Han, Yangyang and Liang, Hailun and Guo, Rui},
	year = {2022},
	month = {01},
	date = {2022-01-28},
	journal = {Frontiers in Public Health},
	pages = {755530},
	volume = {9},
	doi = {10.3389/fpubh.2021.755530},
	url = {https://www.ncbi.nlm.nih.gov/pmc/articles/PMC8831856/},
	note = {PMID: 35155335
PMCID: PMC8831856}
}

@article{ocampo2013,
	title = {Using search queries for malaria surveillance, Thailand},
	author = {Ocampo, Alex J. and Chunara, Rumi and Brownstein, John S.},
	year = {2013},
	month = {11},
	date = {2013-11-04},
	journal = {Malaria Journal},
	pages = {390},
	volume = {12},
	number = {1},
	doi = {10.1186/1475-2875-12-390},
	url = {https://doi.org/10.1186/1475-2875-12-390}
}

@article{yuan2021,
	title = {Predicting Norovirus in the United States Using Google Trends: Infodemiology Study},
	author = {Yuan, Kai and Huang, Guangrui and Wang, Lepeng and Wang, Ting and Liu, Wenbin and Jiang, Haixu and Yang, Albert C.},
	year = {2021},
	month = {09},
	date = {2021-09-29},
	journal = {Journal of Medical Internet Research},
	pages = {e24554},
	volume = {23},
	number = {9},
	doi = {10.2196/24554},
	note = {PMID: 34586079
PMCID: PMC8515228},
	langid = {eng}
}

@article{bragazzi2016,
	title = {Infodemiological data of West-Nile virus disease in Italy in the study period 2004{\textendash}2015},
	author = {Bragazzi, Nicola Luigi and Bacigaluppi, Susanna and Robba, Chiara and Siri, Anna and Canepa, Giovanna and Brigo, Francesco},
	year = {2016},
	month = {12},
	date = {2016-12-01},
	journal = {Data in Brief},
	pages = {839--845},
	volume = {9},
	doi = {10.1016/j.dib.2016.10.022},
	url = {https://www.sciencedirect.com/science/article/pii/S2352340916306497}
}

@article{generous2014,
	title = {Global Disease Monitoring and Forecasting with Wikipedia},
	author = {Generous, Nicholas and Fairchild, Geoffrey and Deshpande, Alina and Valle, Sara Y. Del and Priedhorsky, Reid},
	year = {2014},
	month = {11},
	date = {2014-11-13},
	journal = {PLOS Computational Biology},
	pages = {e1003892},
	volume = {10},
	number = {11},
	doi = {10.1371/journal.pcbi.1003892},
	url = {https://journals.plos.org/ploscompbiol/article?id=10.1371/journal.pcbi.1003892},
	note = {Publisher: Public Library of Science},
	langid = {en}
}

@inproceedings{bao2013,
	title = {2013 International Conference on Management Science and Engineering 20th Annual Conference Proceedings},
	author = {Bao, Jia-xing and Lv, Ben-fu and Peng, Geng and Li, Na},
	year = {2013},
	month = {07},
	date = {2013-07},
	pages = {36--42},
	doi = {10.1109/ICMSE.2013.6586259},
	url = {https://ieeexplore.ieee.org/document/6586259},
	note = {ISSN: 2155-1855}
}

@article{yuan2013,
	title = {Monitoring influenza epidemics in china with search query from baidu},
	author = {Yuan, Qingyu and Nsoesie, Elaine O. and Lv, Benfu and Peng, Geng and Chunara, Rumi and Brownstein, John S.},
	year = {2013},
	date = {2013},
	journal = {PloS One},
	pages = {e64323},
	volume = {8},
	number = {5},
	doi = {10.1371/journal.pone.0064323},
	note = {PMID: 23750192
PMCID: PMC3667820},
	langid = {eng}
}

@article{zhou2010,
	title = {Notifiable infectious disease surveillance with data collected by search engine},
	author = {Zhou, Xi-chuan and Shen, Hai-bin},
	year = {2010},
	month = {04},
	date = {2010-04-01},
	journal = {Journal of Zhejiang University SCIENCE C},
	pages = {241--248},
	volume = {11},
	number = {4},
	doi = {10.1631/jzus.C0910371},
	url = {https://doi.org/10.1631/jzus.C0910371},
	langid = {en}
}

@inproceedings{liu2022,
	title = {2022 IEEE/ACM Conference on Connected Health: Applications, Systems and Engineering Technologies (CHASE)},
	author = {Liu, Yang and Yue, Zhiying and Anwar, Mohd},
	year = {2022},
	month = {11},
	date = {2022-11},
	pages = {166--167},
	url = {https://ieeexplore.ieee.org/document/9983632},
	note = {ISSN: 2832-2975}
}

@article{gozzi2020,
	title = {Collective response to the media coverage of COVID-19 Pandemic on Reddit and Wikipedia},
	author = {Gozzi, N. and Tizzani, Michele and Starnini, Michele and Ciulla, F. and Paolotti, D. and Panisson, A. and Perra, N.},
	year = {2020},
	month = {06},
	date = {2020-06-08},
	journal = {ArXiv},
	url = {https://www.semanticscholar.org/paper/b6e8ffbcb91c70ea9688676135228b4cb1173883}
}

@article{hickmann2015,
	title = {Forecasting the 2013{\textendash}2014 Influenza Season Using Wikipedia},
	author = {Hickmann, Kyle S. and Fairchild, Geoffrey and Priedhorsky, Reid and Generous, Nicholas and Hyman, James M. and Deshpande, Alina and Valle, Sara Y. Del},
	year = {2015},
	month = {05},
	date = {2015-05-14},
	journal = {PLOS Computational Biology},
	pages = {e1004239},
	volume = {11},
	number = {5},
	doi = {10.1371/journal.pcbi.1004239},
	url = {https://journals.plos.org/ploscompbiol/article?id=10.1371/journal.pcbi.1004239},
	note = {Publisher: Public Library of Science},
	langid = {en}
}

@article{paul2011,
	title = {You Are What You Tweet: Analyzing Twitter for Public Health},
	author = {Paul, Michael and Dredze, Mark},
	year = {2011},
	date = {2011},
	journal = {Proceedings of the International AAAI Conference on Web and Social Media},
	pages = {265--272},
	volume = {5},
	number = {1},
	doi = {10.1609/icwsm.v5i1.14137},
	url = {https://ojs.aaai.org/index.php/ICWSM/article/view/14137},
	note = {Number: 1},
	langid = {en}
}

@article{laurent2009,
	title = {Seeking health information online: does Wikipedia matter},
	author = {Laurent, {Michaël R} and Vickers, Tim J},
	year = {2009},
	month = {07},
	date = {2009-07-01},
	journal = {Journal of the American Medical Informatics Association},
	pages = {471--479},
	volume = {16},
	number = {4},
	doi = {10.1197/jamia.m3059},
	url = {https://europepmc.org/articles/PMC2705249},
	note = {PMID: 19390105
PMCID: PMC2705249},
	langid = {eng}
}

@article{mciver2014,
	title = {Wikipedia Usage Estimates Prevalence of Influenza-Like Illness in the United States in Near Real-Time},
	author = {McIver, David J. and Brownstein, John S.},
	year = {2014},
	month = {04},
	date = {2014-04-17},
	journal = {PLOS Computational Biology},
	pages = {e1003581},
	volume = {10},
	number = {4},
	doi = {10.1371/journal.pcbi.1003581},
	url = {https://journals.plos.org/ploscompbiol/article?id=10.1371/journal.pcbi.1003581},
	note = {Publisher: Public Library of Science},
	langid = {en}
}

@article{tausczik2012,
	title = {Public Anxiety and Information Seeking Following the H1N1 Outbreak: Blogs, Newspaper Articles, and Wikipedia Visits},
	author = {Tausczik, Yla and Faasse, Kate and Pennebaker, James W. and Petrie, Keith J.},
	year = {2012},
	month = {02},
	date = {2012-02-01},
	journal = {Health Communication},
	pages = {179{\textendash}185},
	volume = {27},
	number = {2},
	doi = {10.1080/10410236.2011.571759},
	url = {https://doi.org/10.1080/10410236.2011.571759},
	note = {Publisher: Routledge
{\_}eprint: https://doi.org/10.1080/10410236.2011.571759
PMID: 21827326}
}

@article{marques-toledo2017,
	title = {Dengue prediction by the web: Tweets are a useful tool for estimating and forecasting Dengue at country and city level},
	author = {Marques-Toledo, Cecilia de Almeida and Degener, Carolin Marlen and Vinhal, Livia and Coelho, Giovanini and Meira, Wagner and {Codeço}, Claudia Torres and Teixeira, Mauro Martins},
	year = {2017},
	month = {07},
	date = {2017-07-18},
	journal = {PLOS Neglected Tropical Diseases},
	pages = {e0005729},
	volume = {11},
	number = {7},
	doi = {10.1371/journal.pntd.0005729},
	url = {https://journals.plos.org/plosntds/article?id=10.1371/journal.pntd.0005729},
	note = {Publisher: Public Library of Science},
	langid = {en}
}

@article{chrzanowski2021,
	title = {Assessing Public Interest Based on Wikipedia{\textquoteright}s Most Visited Medical Articles During the SARS-CoV-2 Outbreak: Search Trends Analysis},
	author = {Chrzanowski, {J{\k{e}}drzej} and {So{\l}ek}, Julia and Fendler, Wojciech and Jemielniak, Dariusz},
	year = {2021},
	month = {04},
	date = {2021-04},
	journal = {Journal of Medical Internet Research},
	volume = {23},
	number = {4},
	doi = {10.2196/26331},
	url = {https://www.ncbi.nlm.nih.gov/pmc/articles/PMC8049630/},
	note = {Publisher: JMIR Publications Inc.
PMID: 33667176},
	langid = {en}
}

@article{gessainantoine2022,
	title = {Monkeypox},
	author = {Gessain, Antoine and Nakoune, Emmanuel and Yazdanpanah, Yazdan},
	year = {2022},
	month = {11},
	date = {2022-11-09},
	journal = {New England Journal of Medicine},
	pages = {1783--1793},
	volume = {387},
	number = {19},
	doi = {10.1056/NEJMra2208860},
	url = {https://www.nejm.org/doi/full/10.1056/NEJMra2208860},
	note = {Publisher: Massachusetts Medical Society
{\_}eprint: https://www.nejm.org/doi/pdf/10.1056/NEJMra2208860}
}

@article{beer2019,
	title = {A systematic review of the epidemiology of human monkeypox outbreaks and implications for outbreak strategy},
	author = {Beer, Ellen M. and Rao, V. Bhargavi},
	year = {2019},
	month = {10},
	date = {2019-10-16},
	journal = {PLOS Neglected Tropical Diseases},
	pages = {e0007791},
	volume = {13},
	number = {10},
	doi = {10.1371/journal.pntd.0007791},
	url = {https://journals.plos.org/plosntds/article?id=10.1371/journal.pntd.0007791},
	note = {Publisher: Public Library of Science},
	langid = {en}
}

@article{laurenson-schafer2023,
	title = {Description of the first global outbreak of mpox: an analysis of global surveillance data},
	author = {Laurenson-Schafer, Henry and {Sklenovská}, Nikola and Hoxha, Ana and Kerr, Steven M. and Ndumbi, Patricia and Fitzner, Julia and Almiron, Maria and Sousa, Luis Alves de and Briand, Sylvie and Cenciarelli, Orlando and Colombe, Soledad and Doherty, Meg and Fall, Ibrahima Soce and {García-Calavaro}, Christian and Haussig, Joana M. and Kato, Masaya and Mahamud, Abdi Rahman and Morgan, Oliver W. and Nabeth, Pierre and Naiene, Jeremias Domingos and Navegantes, Wildo Araujo and Ogundiran, Opeayo and Okot, Charles and Pebody, Richard and Matsui, Tamano and {Ramírez}, {Hugo López-Gatell} and Smallwood, Catherine and Tasigchana, {Raúl Francisco Pérez} and Vaughan, Aisling M. and Williams, George Sie and Abdelgawad, Basma and Babu, Amarnath and Buliva, Evans and Campbell, Finlay and {Câmara}, Daniel Cardoso Portela and Eleiba, Zainab and Greene-Cramer, Blanche Johanna and Hamblion, Esther and Hassan, Mahmoud and Kaasik-Aaslav, Kaja and Mohamed, Basant and Ndarukwa, Victoria and Otieno, James Richard and Pires, Jeffrey and Pukkila, Jukka and Sanni, Felix and Schultz, Craig and Sedai, Tika and Skrowny, Laila and Phengxay, Manilay and Ochirpurev, Ariuntuya and Skufca, Jozica and Goddard, Laura and Biaukula, Viema and Mala, Peter Omondi and Lewis, Rosamund F. and Pavlin, Boris I. and Waroux, Olivier le Polain de},
	year = {2023},
	month = {07},
	date = {2023-07-01},
	journal = {The Lancet Global Health},
	pages = {e1012--e1023},
	volume = {11},
	number = {7},
	doi = {10.1016/S2214-109X(23)00198-5},
	url = {https://www.thelancet.com/journals/langlo/article/PIIS2214-109X(23)00198-5/fulltext},
	note = {Publisher: Elsevier
PMID: 37349031},
	langid = {English}
}

@misc{worldhealthorganization,
	title = {Mpox (monkeypox)},
	author = {WHO, },
	date = {2023-04-18},
	url = {https://www.who.int/news-room/fact-sheets/detail/monkeypox},
	langid = {en}
}

@misc{secondm,
	title = {Second meeting of the International Health Regulations (2005) (IHR) Emergency Committee regarding the multi-country outbreak of monkeypox},
	author = {WHO, },
	date = {2022-07-23},
	url = {https://www.who.int/news/item/23-07-2022-second-meeting-of-the-international-health-regulations-(2005)-(ihr)-emergency-committee-regarding-the-multi-country-outbreak-of-monkeypox},
	langid = {en}
}

@misc{whodire,
	title = {WHO Director-General's statement at the press conference following IHR Emergency Committee regarding the multi-country outbreak of monkeypox - 23 July 2022},
	author = {WHO, },
		date = {2022-07-23},
	url = {https://www.who.int/director-general/speeches/detail/who-director-general-s-statement-on-the-press-conference-following-IHR-emergency-committee-regarding-the-multi--country-outbreak-of-monkeypox--23-july-2022},
	langid = {en}
}

@misc{fifthme,
	title = {Fifth Meeting of the International Health Regulations (2005) (IHR) Emergency Committee on the Multi-Country Outbreak of mpox (monkeypox)},
	author = {WHO, },
		date = {2023-11-05},
	url = {https://www.who.int/news/item/11-05-2023-fifth-meeting-of-the-international-health-regulations-(2005)-(ihr)-emergency-committee-on-the-multi-country-outbreak-of-monkeypox-(mpox)},
	langid = {en}
}

@misc{cdc2023,
	title = {Mpox in the U.S.},
	author = {CDC, },
	year = {2023},
	month = {11},
	date = {2023-11-08},
	url = {https://www.cdc.gov/poxvirus/mpox/response/2022/mpx-trends.html},
	langid = {en-us}
}

@misc{whoshiny,
	title = {2022-24 Mpox Outbreak: Global Trends},
	author = {WHO, },
	year = {2024},
	month = {04},
	date = {2024-04-25},
	url = {https://worldhealthorg.shinyapps.io/mpx_global},
	langid = {en-us}
}

@article{downs,
	title = {Up and Down with Ecology - the 'Issue-Attention Cycle'},
	author = {Downs, Anthony},
	year = {1972},
	journal = {The Public Interest},
	langid = {en}
}

@article{kman2012,
	title = {Biosurveillance: a review and update},
	author = {Kman, Nicholas E. and Bachmann, Daniel J.},
	year = {2012},
	date = {2012},
	journal = {Advances in Preventive Medicine},
	pages = {301408},
	volume = {2012},
	doi = {10.1155/2012/301408},
	note = {PMID: 22242207
PMCID: PMC3254002},
	langid = {eng}
}

@misc{topwebs,
	title = {Top Websites in the World - March 2024 Most Visited & Popular Rankings},
	author = {Semrush},
	year = {2024},
	url = {https://www.semrush.com/website/top/},
	langid = {en}
}

@article{lazer2014,
	title = {The Parable of Google Flu: Traps in Big Data Analysis},
	author = {Lazer, David and Kennedy, Ryan and King, Gary and Vespignani, Alessandro},
	year = {2014},
	month = {03},
	date = {2014-03-14},
	journal = {Science},
	pages = {1203--1205},
	volume = {343},
	number = {6176},
	doi = {10.1126/science.1248506},
	url = {https://www.science.org/doi/10.1126/science.1248506},
	note = {Publisher: American Association for the Advancement of Science}
}

@misc{wikimediafoundation,
	title = {Wikimedia Statistics - All Wikipedias},
	author = {Wikimedia Statistics, },
	year = {2024},
	url = {https://stats.wikimedia.org/#/all-wikipedia-projects}
}

@misc{wikipedi2024,
	title = {Size of Wikipedia},
	author = {Wikipedia},
	year = {2024},
	month = {04},
	date = {2024-04-01},
	url = {https://en.wikipedia.org/w/index.php?title=Wikipedia:Size_of_Wikipedia&oldid=1216603163},
	note = {Page Version ID: 1216603163},
	langid = {en}
}

@article{kämpf2015,
	title = {The Detection of Emerging Trends Using Wikipedia Traffic Data and Context Networks},
	author = {{Kämpf}, Mirko and Tessenow, Eric and Kenett, Dror Y. and Kantelhardt, Jan W.},
	year = {2015},
	date = {2015},
	journal = {PloS One},
	pages = {e0141892},
	volume = {10},
	number = {12},
	doi = {10.1371/journal.pone.0141892},
	note = {PMID: 26720074
PMCID: PMC4699901},
	langid = {eng}
}

@article{james2016,
	title = {WikiProject Medicine: Creating Credibility in Consumer Health},
	author = {James, Richard},
	year = {2016},
	month = {10},
	date = {2016-10-01},
	journal = {Journal of Hospital Librarianship},
	pages = {344{\textendash}351},
	volume = {16},
	number = {4},
	doi = {10.1080/15323269.2016.1221284},
	url = {https://doi.org/10.1080/15323269.2016.1221284},
	note = {Publisher: Routledge
{\_}eprint: https://doi.org/10.1080/15323269.2016.1221284}
}

@misc{wikimediafoundation2024,
	title = {WikiProject Medicine},
	author = {Wikipedia, },
	year = {2024},
	month = {02},
	date = {2024-02-21},
	url = {https://en.wikipedia.org/w/index.php?title=Wikipedia:WikiProject_Medicine&oldid=1209391449},
	note = {Page Version ID: 1209391449},
	langid = {en}
}

@misc{triedman2023,
	title = {New dataset uncovers Wikipedia browsing habits while protecting users},
	author = {Triedman, Hal and Ruiz, Isaac Johnsonand Nuria},
	year = {2023},
	month = {06},
	date = {2023-06-21},
	url = {https://diff.wikimedia.org/2023/06/21/new-dataset-uncovers-wikipedia-browsing-habits-while-protecting-users/},
	langid = {canadian}
}

@misc{munzert,
	title = {Using Wikipedia Article Traffic Volume to Measure Public Issue Attention - work in progress},
	year = {2015},
	month = {10},
	author = {Munzert, },
	url = {https://github.com/simonmunzert/workingPapers/blob/master/wikipedia-salience-v3.pdf},
	langid = {en}
}

@article{glott2010,
	title = {Topic: Age and Gender Differences},
	author = {Glott, Ruediger and Ghosh, Rishab},
	year = {2010},
	date = {2010},
	langid = {en}
}

@article{brownstein2009,
	title = {Digital Disease Detection {\textemdash} Harnessing the Web for Public Health Surveillance},
	author = {Brownstein, John S. and Freifeld, Clark C. and Madoff, Lawrence C.},
	year = {2009},
	month = {05},
	date = {2009-05-21},
	journal = {The New England journal of medicine},
	pages = {2153--2157},
	volume = {360},
	number = {21},
	doi = {10.1056/NEJMp0900702},
	url = {https://www.ncbi.nlm.nih.gov/pmc/articles/PMC2917042/},
	note = {PMID: 19423867
PMCID: PMC2917042}
}

@article{cervellin2017,
	title = {Is Google Trends a reliable tool for digital epidemiology? Insights from different clinical settings},
	author = {Cervellin, Gianfranco and Comelli, Ivan and Lippi, Giuseppe},
	year = {2017},
	month = {09},
	date = {2017-09},
	journal = {Journal of Epidemiology and Global Health},
	pages = {185--189},
	volume = {7},
	number = {3},
	doi = {10.1016/j.jegh.2017.06.001},
	note = {PMID: 28756828
PMCID: PMC7320449},
	langid = {eng}
}

@article{polgreen2008,
	title = {Using Internet Searches for Influenza Surveillance},
	author = {Polgreen, Philip M. and Chen, Yiling and Pennock, David M. and Nelson, Forrest D. and Weinstein, Robert A.},
	year = {2008},
	month = {12},
	date = {2008-12-01},
	journal = {Clinical Infectious Diseases},
	pages = {1443--1448},
	volume = {47},
	number = {11},
	doi = {10.1086/593098},
	url = {https://doi.org/10.1086/593098}
}

@article{yang2011,
	title = {Association of Internet search trends with suicide death in Taipei City, Taiwan, 2004{\textendash}2009},
	author = {Yang, Albert C. and Tsai, Shi-Jen and Huang, Norden E. and Peng, Chung-Kang},
	year = {2011},
	month = {07},
	date = {2011-07-01},
	journal = {Journal of Affective Disorders},
	pages = {179--184},
	volume = {132},
	number = {1},
	doi = {10.1016/j.jad.2011.01.019},
	url = {https://www.sciencedirect.com/science/article/pii/S0165032711000528}
}

@article{du2023,
	title = {Trends in Online Search Activity and the Correlation with Daily New Cases of Monkeypox among 102 Countries or Territories},
	author = {Du, Min and Qin, Chenyuan and Yan, Wenxin and Liu, Qiao and Wang, Yaping and Zhu, Lin and Liang, Wannian and Liu, Min and Liu, Jue},
	year = {2023},
	month = {02},
	date = {2023-02},
	journal = {International Journal of Environmental Research and Public Health},
	volume = {20},
	number = {4},
	doi = {10.3390/ijerph20043395},
	url = {https://www.ncbi.nlm.nih.gov/pmc/articles/PMC9963132/},
	note = {Publisher: Multidisciplinary Digital Publishing Institute  (MDPI)
PMID: 36834089},
	langid = {en}
}

@article{yan2023,
	title = {Association between public attention and monkeypox epidemic: A global lag{-}correlation analysis},
	author = {Yan, Wenxin and Du, Min and Qin, Chenyuan and Liu, Qiao and Wang, Yaping and Liang, Wannian and Liu, Min and Liu, Jue},
	year = {2023},
	month = {01},
	date = {2023-01},
	journal = {Journal of Medical Virology},
	pages = {e28382},
	volume = {95},
	number = {1},
	doi = {10.1002/jmv.28382},
	url = {https://www.ncbi.nlm.nih.gov/pmc/articles/PMC10108296/},
	note = {PMID: 36478381
PMCID: PMC10108296}
}

@article{bernardo2013,
	title = {Scoping Review on Search Queries and Social Media for Disease Surveillance: A Chronology of Innovation},
	author = {Bernardo, Theresa Marie and Rajic, Andrijana and Young, Ian and Robiadek, Katie and Pham, Mai T. and Funk, Julie A.},
	year = {2013},
	month = {07},
	date = {2013-07-18},
	journal = {Journal of Medical Internet Research},
	pages = {e2740},
	volume = {15},
	number = {7},
	doi = {10.2196/jmir.2740},
	url = {https://www.jmir.org/2013/7/e147},
	note = {Company: Journal of Medical Internet Research
Distributor: Journal of Medical Internet Research
Institution: Journal of Medical Internet Research
Label: Journal of Medical Internet Research
Publisher: JMIR Publications Inc., Toronto, Canada},
	langid = {EN}
}

@article{sousa-pinto2020,
	title = {Assessment of the Impact of Media Coverage on COVID-19{\textendash}Related Google Trends Data: Infodemiology Study},
	author = {Sousa-Pinto, Bernardo and Anto, Aram and Czarlewski, Wienia and Anto, Josep M. and Fonseca, {João Almeida} and Bousquet, Jean},
	year = {2020},
	month = {08},
	date = {2020-08-10},
	journal = {Journal of Medical Internet Research},
	pages = {e19611},
	volume = {22},
	number = {8},
	doi = {10.2196/19611},
	url = {https://www.jmir.org/2020/8/e19611},
	note = {Company: Journal of Medical Internet Research
Distributor: Journal of Medical Internet Research
Institution: Journal of Medical Internet Research
Label: Journal of Medical Internet Research
Publisher: JMIR Publications Inc., Toronto, Canada},
	langid = {EN}
}

@article{adawi2017,
	title = {Discrepancies Between Classic and Digital Epidemiology in Searching for the Mayaro Virus: Preliminary Qualitative and Quantitative Analysis of Google Trends},
	author = {Adawi, Mohammad and Bragazzi, Nicola Luigi and Watad, Abdulla and Sharif, Kassem and Amital, Howard and Mahroum, Naim},
	year = {2017},
	month = {12},
	date = {2017-12-01},
	journal = {JMIR Public Health and Surveillance},
	pages = {e9136},
	volume = {3},
	number = {4},
	doi = {10.2196/publichealth.9136},
	url = {https://publichealth.jmir.org/2017/4/e93},
	note = {Company: JMIR Public Health and Surveillance
Distributor: JMIR Public Health and Surveillance
Institution: JMIR Public Health and Surveillance
Label: JMIR Public Health and Surveillance
Publisher: JMIR Publications Inc., Toronto, Canada},
	langid = {EN}
}

@article{mcquiston2023,
	title = {The CDC Domestic Mpox Response {\textemdash} United States, 2022{\textendash}2023},
	author = {McQuiston, Jennifer H.},
	year = {2023},
	date = {2023},
	journal = {MMWR. Morbidity and Mortality Weekly Report},
	volume = {72},
	doi = {10.15585/mmwr.mm7220a2},
	url = {https://www.cdc.gov/mmwr/volumes/72/wr/mm7220a2.htm},
	langid = {en-us}
}

@misc{mpox_cif,
	title = {Mpox (monkeypox) Case investigation form (CIF) and minimum dataset Case reporting form (CRF)},
	author = {WHO, },
	date = {2023-10-10},
	url = {https://www.who.int/publications/m/item/monkeypox-minimum-dataset-case-reporting-form-(crf)},
	langid = {en}
}

@misc{whoreco,
	title = {WHO recommends new name for monkeypox disease},
	author = {WHO, },
	date = {2022-11-28},
	url = {https://www.who.int/news/item/28-11-2022-who-recommends-new-name-for-monkeypox-disease},
	langid = {en}
}

@article{eysenbach2011,
	title = {Infodemiology and Infoveillance: Tracking Online Health Information and Cyberbehavior for Public Health},
	author = {Eysenbach, Gunther},
	year = {2011},
	month = {05},
	date = {2011-05-01},
	journal = {American Journal of Preventive Medicine},
	pages = {S154--S158},
	volume = {40},
	number = {5},
	doi = {10.1016/j.amepre.2011.02.006},
	url = {https://www.ajpmonline.org/article/S0749-3797(11)00088-2/fulltext},
	note = {Publisher: Elsevier},
	langid = {English}
}

@article{schober2020,
	title = {Correlation Analysis in Medical Research},
	author = {Schober, Patrick and Vetter, Thomas R.},
	year = {2020},
	month = {02},
	date = {2020-02},
	journal = {Anesthesia and Analgesia},
	pages = {332},
	volume = {130},
	number = {2},
	doi = {10.1213/ANE.0000000000004578},
	note = {PMID: 31934907},
	langid = {eng}
}

@misc{getstar,
	title = {Get Started with the Page Insights API},
	author = {Meta},
	date = {2022-11-08},
	url = {https://developers.facebook.com/blog/post/2022/11/08/getting-started-with-page-insights-api/},
	langid = {en}
}

@misc{xapi,
	title = {API Products},
	author = {X},
	year = {2024},
	url = {https://developer.twitter.com/en/products/twitter-api},
	langid = {en}
}

@misc{pageview,
	title = {Pageviews Differential Privacy {\textemdash} Current},
	url = {https://analytics.wikimedia.org/published/datasets/country_project_page/00_README.html}
}

@misc{pageviewhist,
	title = {Pageviews Differential Privacy {\textemdash} Historical},
	url = {https://analytics.wikimedia.org/published/datasets/country_project_page_historical/00_README.html}
}

@misc{wikimedi,
	title = {Wikimedia Traffic Analysis Report - Page Views Per Wikipedia Language - Breakdown},
	url = {https://stats.wikimedia.org/wikimedia/squids/SquidReportPageViewsPerLanguageBreakdown.htm}
}

@misc{gnewsap,
	title = {GNews API: Your gateway to the power of news APIs},
	url = {https://gnews.io/},
	langid = {en}
}

@misc{gnewsap,
	title = {GNews API: Your gateway to the power of news APIs},
	year = {2024},
	url = {https://gnews.io/},
	langid = {en}
}

@misc{rformac,
  author = {R Foundation for Statistical Computing},
	title = {R version 4.3.3 (2024-02-29) -- "Angel Food Cake"},
	date = {2024-02-29},
	url = {https://cran.r-project.org/},
	langid = {en}
}

@misc{wikipedir,
  author = {Keyes, Os and Tilber, Brock and Schmid, Clemens},
	title = {Package ‘WikipediR’: A MediaWiki API Wrapper},
	date = {2024-04-05},
	url = {https://cran.r-project.org/web/packages/WikipediR/WikipediR.pdf},
	langid = {en}
}


@book{winter2020,
	title = {rentrez: 'Entrez' in R},
	author = {Winter, David and Chamberlain, Scott and Guangchun, Han},
	year = {2020},
	month = {11},
	date = {2020-11-10},
	url = {https://cran.r-project.org/web/packages/rentrez/index.html}
}

@misc{cdcmap,
	title = {2022-2023 U.S. Map & Case Count},
	author = {CDC},
	year = {2024},
	month = {03},
	date = {2024-03-05},
	url = {https://www.cdc.gov/poxvirus/mpox/response/2022/us-map.html}
}
